% This file was created with JabRef 2.10b2.
% Encoding: Cp1252

@Article{WaBo2016,
  Title                    = {Global Identification of a Low-Order Lumped-Parameter Thermal Network for Permanent Magnet Synchronous Motors},
  Author                   = {O. Wallscheid and J. B{\"o}cker},
  Journal                  = {IEEE Transactions on Energy Conversion},
  Year                     = {2016},
  Number                   = {1},
  Pages                    = {354-365},
  Volume                   = {31}
}

@inproceedings{wallscheid2014real,
  title={Real-time capable methods to determine the magnet temperature of permanent magnet synchronous motorsâ€”A review},
  author={Wallscheid, Oliver and Huber, Tobias and Peters, Wilhelm and B{\"o}cker, Joachim},
  booktitle={Annual Conference of the IEEE Industrial Electronics Society (IECON)},
  pages={811--818},
  year={2014},
  keywords={owncontribution},
}
